<record><leader>00000cas a2200000 a 4500</leader><controlfield tag="001">22399476</controlfield><controlfield tag="008">900918d19101926miuwr ne      0    0eng c</controlfield><datafield ind1=" " ind2=" " tag="010"><subfield code="a">sn 89080041 </subfield></datafield><datafield ind1=" " ind2=" " tag="040"><subfield code="a">NPV</subfield><subfield code="b">eng</subfield><subfield code="c">NPV</subfield><subfield code="d">MHN</subfield><subfield code="d">OCL</subfield><subfield code="d">OCLCQ</subfield><subfield code="d">OCLCF</subfield><subfield code="d">OCLCO</subfield></datafield><datafield ind1="1" ind2=" " tag="029"><subfield code="a">AU@</subfield><subfield code="b">000025884474</subfield></datafield><datafield ind1=" " ind2=" " tag="042"><subfield code="a">pcc</subfield></datafield><datafield ind1=" " ind2=" " tag="043"><subfield code="a">n-us-mi</subfield></datafield><datafield ind1="0" ind2=" " tag="130"><subfield code="a">Mount Pleasant times (Mount Pleasant, Mich.)</subfield></datafield><datafield ind1="1" ind2="0" tag="245"><subfield code="a">Mount Pleasant times.</subfield></datafield><datafield ind1="1" ind2="3" tag="246"><subfield code="a">Central Michigan times</subfield></datafield><datafield ind1=" " ind2=" " tag="260"><subfield code="a">Mt. Pleasant, Mich. :</subfield><subfield code="b">W.O. Hullinger</subfield></datafield><datafield ind1=" " ind2=" " tag="300"><subfield code="a">v.</subfield></datafield><datafield ind1=" " ind2=" " tag="310"><subfield code="a">Weekly</subfield></datafield><datafield ind1="0" ind2=" " tag="362"><subfield code="a">Vol. 17, no. 1 (Oct. 14, 1910)-v. 19, no. 41 (July 17, 1913) ; 19th yr., no. 42 (July 24, 1913-32nd yr., no. 49 (Sept. 2, 1926).</subfield></datafield><datafield ind1=" " ind2=" " tag="530"><subfield code="a">Available on microfilm from Clarke Historical Library, Mt. Pleasant, Mich.</subfield></datafield><datafield ind1=" " ind2=" " tag="580"><subfield code="a">Merged with: Isabella County enterprise, to form: Mount Pleasant times and Isabella County enterprise.</subfield></datafield><datafield ind1=" " ind2="0" tag="651"><subfield code="a">Mount Pleasant (Mich.)</subfield><subfield code="v">Newspapers.</subfield></datafield><datafield ind1=" " ind2="0" tag="651"><subfield code="a">Isabella County (Mich.)</subfield><subfield code="v">Newspapers.</subfield></datafield><datafield ind1=" " ind2="7" tag="655"><subfield code="a">Newspapers.</subfield><subfield code="2">fast</subfield><subfield code="0">(OCoLC)fst01423814</subfield></datafield><datafield ind1=" " ind2="7" tag="651"><subfield code="a">Michigan</subfield><subfield code="z">Isabella County.</subfield><subfield code="2">fast</subfield><subfield code="0">(OCoLC)fst01220096</subfield></datafield><datafield ind1=" " ind2="7" tag="651"><subfield code="a">Michigan</subfield><subfield code="z">Mount Pleasant.</subfield><subfield code="2">fast</subfield><subfield code="0">(OCoLC)fst01233290</subfield></datafield><datafield ind1=" " ind2=" " tag="752"><subfield code="a">United States</subfield><subfield code="b">Michigan</subfield><subfield code="c">Isabella</subfield><subfield code="d">Mount Pleasant.</subfield></datafield><datafield ind1="0" ind2="0" tag="780"><subfield code="t">Central Michigan times</subfield><subfield code="w">(DLC)sn 89080044</subfield><subfield code="w">(OCoLC)22399479</subfield></datafield><datafield ind1="1" ind2="7" tag="785"><subfield code="t">Isabella County enterprise</subfield><subfield code="w">(DLC)sn 85033743</subfield><subfield code="w">(OCoLC)12224853</subfield></datafield><datafield ind1="1" ind2="7" tag="785"><subfield code="t">Mount Pleasant times and Isabella County enterprise</subfield><subfield code="w">(DLC)sn 89080042</subfield><subfield code="w">(OCoLC)22399461</subfield></datafield></record>